<?xml version="1.0" encoding="UTF-8"?><collection xmlns="http://www.loc.gov/MARC21/slim"><record><leader>00335nam--2200121-i-4500</leader><controlfield tag="001">000035456</controlfield><controlfield tag="002">20161230</controlfield><controlfield tag="005">20161230201040</controlfield><controlfield tag="008">060222s1000------------r-----000-0-eng-d</controlfield><datafield ind1=" " ind2=" " tag="080"><subfield code="a">620.785:061.62(438)</subfield></datafield><datafield ind1=" " ind2=" " tag="245"><subfield code="a">National report on space research in poland in 1980</subfield></datafield><datafield ind1=" " ind2=" " tag="260"><subfield code="a">Ottawa, Space Research In Poland, 1980. 44p</subfield></datafield><datafield ind1=" " ind2=" " tag="852"><subfield code="a">72512</subfield></datafield></record></collection>